@Article{ref-diving48,
  author = {Y. Li, Y. Li and N. Vasconcelos},
  title = {RESOUND: Towards Action Recognition without Representation Bias},
  journal = {European Conference on Computer Vision},
  year = {2018}
}

@Inproceedings{ref02,
  author = {E. Author and F. Author},
  title = {{Title of the Paper}},
  booktitle = {{International Conference on Something}},
  year = {2007}
}

