@Article{ref-diving48,
  author = {Y. Li, and N. Vasconcelos},
  title = {RESOUND: Towards Action Recognition without Representation Bias},
  journal = {European Conference on Computer Vision},
  year = {2018}
}

@Article{hu62,
  author={M. Hu},
  title={Visual pattern recognition by moment invariants},
  journal={IRE Transactions on Information Theory},
  year={1962}
}